@article{carpenter2000,
  author  = {James Carpenter and John Bithell}, 
  title   = {Bootstrap confidence intervals: when, which, what? A practical guide for medical statisticians},
  journal = {STATISTICS IN MEDICINE},
  year    = 2000,
  number  = 9,
  pages   = {1141-1164},
  month   = 5,
  note    = {An optional note}, 
  volume  = 19
}
@book{manly2006,
  author    = {Bryan F.J. Manly}, 
  title     = {Randomization, Bootstrap and Monte Carlo Methods in Biology},
  publisher = {Chapman and Hall/CRC},
  year      = 2006,
  edition   = 3,
  month     = 8,
  note      = {An optional note},
  isbn      = {1584885416}
}